@online{cgal,
  organization = {CGAL Open Source Project},
  title = {CGAL - Computational Geometry Algorithms Library},
  year = {2013},
  url = {https://www.cgal.org/},
  urldate = {2013-06-19}
}

@online{cgal_manual_constrained_triangulation,
  organization = {CGAL Open Source Project},
  title = {Constrained\_triangulation\_2<Traits,Tds,Itag>},
  date = {2013-04-09},
  url = {https://www.cgal.org/Manual/latest/doc_html/cgal_manual/Triangulation_2_ref/Class_Constrained_triangulation_2.html},
  urldate = {2013-06-19},
  version = {4.2}
}

@online{cgal_manual_convex_hull,
  organization = {CGAL Open Source Project},
  title = {convex\_hull\_2},
  date = {2013-04-09},
  url = {https://www.cgal.org/Manual/latest/doc_html/cgal_manual/Convex_hull_2_ref/Function_convex_hull_2.html},
  urldate = {2013-06-19},
  version = {4.2}
}

@online{cgal_manual_epick,
  organization = {CGAL Open Source Project},
  title = {Exact\_predicates\_inexact\_constructions\_kernel},
  date = {2013-04-09},
  url = {https://www.cgal.org/Manual/latest/doc_html/cgal_manual/Kernel_23_ref/Class_Exact_predicates_inexact_constructions_kernel.html},
  urldate = {2013-06-19},
  version = {4.2}
}

@article{convex_hull,
  author    = {Selim G. Akl and Godfried T. Toussaint},
  title     = {A Fast Convex Hull Algorithm},
  journal   = {Information Processing Letters},
  volume    = {7},
  number    = {5},
  year      = {1978},
  pages     = {219-222},
  ee        = {http://dx.doi.org/10.1016/0020-0190(78)90003-0}
}

@article{mmlt_complexity,
  author    = {S{\'a}ndor P. Fekete},
  title     = {The Complexity of MaxMin Length Triangulation},
  journal   = {CoRR},
  volume    = {abs/1208.0202},
  year      = {2012},
  ee        = {http://arxiv.org/abs/1208.0202},
  bibsource = {DBLP, http://dblp.uni-trier.de}
}

@article{mmlt_convex_polygons,
  author = {Hu, Shiyan},
  title = {A linear time algorithm for max-min length triangulation of a convex polygon},
  journal = {Inf. Process. Lett.},
  issue_date = {March, 2007},
  volume = {101},
  number = {5},
  month = mar,
  year = {2007},
  issn = {0020-0190},
  pages = {203--208},
  numpages = {6},
  url = {http://dx.doi.org/10.1016/j.ipl.2006.09.014},
  doi = {10.1016/j.ipl.2006.09.014},
  acmid = {1224043},
  publisher = {Elsevier North-Holland, Inc.},
  address = {Amsterdam, The Netherlands, The Netherlands},
  keywords = {Computational geometry, Max-min length k-set triangulation, Max-min length triangulation},
} 

@inproceedings{mmlt_polygons,
  author =         "Christiane~Schmidt",
  title =          "Maxmin Length Triangulation in Polygons",
  booktitle =      "Proceedings of the 28th European Workshop on Computational Geometry",
  year =           "2012",
  pages =          "121--124"
}

@article{mmlt_problem,
    author = {Herbert Edelsbrunner and Tiow and Seng Tan},
    title = {A Quadratic Time Algorithm for the MinMax Length Triangulation},
    journal = {SIAM J. Comput},
    year = {1991},
    volume = {22},
    pages = {414--423}
}

@book{deberg_compgeom,
  author = {de Berg, Mark and van Kreveld, Marc and Overmars, Mark and Schwarzkopf, Otfried},
  description = {Computational Geometry textbook},
  edition = {Third},
  pages = 386,
  publisher = {Springer-Verlag},
  title = {Computational Geometry: Algorithms and Applications},
  url = {http://www.cs.uu.nl/geobook/},
  year = 2008
}

@article{mwt_complexity,
  author    = {Wolfgang Mulzer and
               G{\"u}nter Rote},
  title     = {Minimum-weight triangulation is NP-hard},
  journal   = {CoRR},
  volume    = {abs/cs/0601002},
  year      = {2006},
  ee        = {http://arxiv.org/abs/cs/0601002},
  bibsource = {DBLP, http://dblp.uni-trier.de}
}

@inproceedings{quadrilaterals_bound,
    author = {László Lovász and Katalin Vesztergombi and Uli Wagner and Emo Welzl},
    title = {Convex quadrilaterals and k-sets},
    booktitle = {Contemporary Mathematics Series, 342, AMS 2004},
    year = {2004},
    pages = {139--148}
}

@book{set_cover,                                                                                                                                                      
  author = {Korte, Bernhard and Vygen, Jens},                                                                                                                         
  title = {Combinatorial Optimization: Theory and Algorithms},                                                                                                        
  year = {2012},                                                                                                                                                      
  isbn = {9783642244872},                                                                                                                                             
  edition = {5},                                                                                                                                                      
  publisher = {Springer Publishing Company, Incorporated},                                                                                                            
  pages = {414}                                                                                                                                                       
}
